@book{pavliotis2008multiscale,
    title={Multiscale methods, volume 53 of Texts in Applied Mathematics},
    author={Pavliotis, Grigorios A and Stuart, Andrew M},
    year={2008},
    publisher={Springer, New York}
}

@article{vanden2003fast,
    title={Fast Communications: Numerical techniques for multi-scale dynamical systems with stochastic effects},
    author={Vanden-Eijnden, Eric},
    journal={Communications in Mathematical Sciences},
    volume={1},
    number={2},
    pages={385--391},
    year={2003},
    publisher={International Press of Boston}
}

@article{abdulle2008effectiveness,
    title={Effectiveness of implicit methods for stiff stochastic differential equations},
    author={Abdulle, Assyr and Li, Tiejun and others},
    journal={Communication in Computational Physics},
    volume={3},
    number={ANMC-ARTICLE-2008-003},
    pages={295--307},
    year={2008}
}

@article{abdulle2012heterogeneous,
    title={The heterogeneous multiscale method},
    author={Abdulle, Assyr and Weinan, E and Engquist, Bj{\"o}rn and Vanden-Eijnden, Eric},
    journal={Acta Numerica},
    volume={21},
    pages={1--87},
    year={2012},
    publisher={Cambridge Univ Press}
}

@article{weinan2005analysis,
    title={Analysis of multiscale methods for stochastic differential equations},
    author={Weinan, E and Liu, Di and Vanden-Eijnden, Eric},
    journal={Communications on Pure and Applied Mathematics},
    volume={58},
    number={11},
    pages={1544--1585},
    year={2005},
    publisher={Wiley Online Library}
}

@article{abdulle2012numerical,
    title={Numerical methods for stochastic partial differential equations with multiple scales},
    author={Abdulle, Assyr and Pavliotis, GA},
    journal={Journal of Computational Physics},
    volume={231},
    number={6},
    pages={2482--2497},
    year={2012},
    publisher={Elsevier}
}

@article{blomker2007multiscale,
    title={Multiscale analysis for stochastic partial differential equations with quadratic nonlinearities},
    author={Bl{\"o}mker, D and Hairer, Martin and Pavliotis, GA},
    journal={Nonlinearity},
    volume={20},
    number={7},
    pages={1721},
    year={2007},
    publisher={IOP Publishing}
}

@misc{wikiks,
    author = "Encyclopedia of Mathematics",
    title = "Kuramoto-Sivashinsky equation",
    year = "2014",
    url = "http://www.encyclopediaofmath.org/index.php/Kuramoto-Sivashinsky_equation",
}

@article{pradas2011noise,
    title={Noise induced state transitions, intermittency, and universality in the noisy {K}uramoto-{S}ivashinksy equation},
    author={Pradas, Marc and Tseluiko, D and Kalliadasis, S and Papageorgiou, DT and Pavliotis, GA},
    journal={Physical review letters},
    volume={106},
    number={6},
    pages={060602},
    year={2011},
    publisher={APS}
}

@book{da2008stochastic,
    title={Stochastic equations in infinite dimensions},
    author={Da Prato, Guiseppe and Zabczyk, Jerzy},
    year={2008},
    publisher={Cambridge university press}
}

@inproceedings{kovacs2008introduction,
    title={Introduction to stochastic partial differential equations},
    author={Kov{\'a}cs, Mih{\'a}ly and Larsson, Stig},
    booktitle={Publications of the ICMCS},
    volume={4},
    pages={159--232},
    year={2008}
}

@book{pavliotis2011applied,
    Author = {Pavliotis, Grigorios},
    Year = {2014},
    Title = {Stochastic processes and applications},
    publisher={Springer}
}

@misc{pavliotis2011computational,
    Author = {Pavliotis, Grigorios},
    Institution = {Imperial College London},
    Year = {2014},
    Title = {Lecture notes for the course {M5A44} at {I}mperial {C}ollege {L}ondon: Computational Stochastic
        Processes},
    url = {http://www2.imperial.ac.uk/~pavl/comp_stoch_proc.htm}
}

@misc{Michela2014computational,
    Author = {Ottobre, Michela},
    Institution = {Imperial College London},
    Year = {2014},
    Title = {Lecture notes for the course {M5A42} at {I}mperial {C}ollege {L}ondon: Applied Stochastic processes},
    url = {http://wwwf.imperial.ac.uk/~mo108/NOTESMAIN.PDF}
}

@article{weinan2003heterognous,
    title={The Heterognous Multiscale Methods},
    author={Weinan, E and Engquist, Bjorn and others},
    journal={Communications in Mathematical Sciences},
    volume={1},
    number={1},
    pages={87--132},
    year={2003},
    publisher={International Press of Boston}
}

@misc{littreview,
    Author = {Vaes, Urbain},
    Institution = {Imperial College London},
    Year = {2014},
    Title = {Preliminary report for the {MR}es in Mathematical Sciences},
}

@book{klenke2007probability,
    title={Probability theory: a comprehensive course},
    author={Klenke, Achim},
    year={2007},
    publisher={Springer}
}

@article{boyd1984asymptotic,
    title={Asymptotic coefficients of Hermite function series},
    author={Boyd, John P},
    journal={Journal of Computational Physics},
    volume={54},
    number={3},
    pages={382--410},
    year={1984},
    publisher={Elsevier}
}

@article{higham2002strong,
    title={Strong convergence of Euler-type methods for nonlinear stochastic differential equations},
    author={Higham, Desmond J and Mao, Xuerong and Stuart, Andrew M},
    journal={SIAM Journal on Numerical Analysis},
    volume={40},
    number={3},
    pages={1041--1063},
    year={2002},
    publisher={SIAM}
}

@book{mao2007stochastic,
    title={Stochastic differential equations and applications},
    author={Mao, Xuerong},
    year={2007},
    publisher={Elsevier}
}

@book{verhulst1990nonlinear,
    title={Nonlinear differential equations and dynamical systems},
    author={Verhulst, Ferdinan},
    volume={2},
    year={1990},
    publisher={Springer Berlin}
}

@book{andrews2000special,
    title={Special functions},
    author={Andrews, George E and Askey, Richard and Roy, Ranjan},
    year={1999},
    publisher={Cambridge University Press}
}

@article{shen2009some,
    title={Some recent advances on spectral methods for unbounded domains},
    author={Shen, Jie and Wang, Li-Lian},
    journal={Communications in Computational Physics},
    volume={5},
    number={2-4},
    pages={195--241},
    year={2009},
    publisher={Springer}
}

@article{gol2009weighted,
    title={Weighted Sobolev spaces and embedding theorems},
    author={Gol'dshtein, Vladimir and Ukhlov, A},
    journal={Transactions of the American Mathematical Society},
    volume={361},
    number={7},
    pages={3829--3850},
    year={2009}
}

@article{arnold2007interpolation,
    title={Interpolation between logarithmic Sobolev and Poincar{\'e} inequalities},
    author={Arnold, Anton and Bartier, Jean-Philippe and Dolbeault, Jean and others},
    journal={Communications in Mathematical Sciences},
    volume={5},
    number={4},
    pages={971--979},
    year={2007},
    publisher={International Press of Boston}
}

@article{beckner1989generalized,
    title={A generalized Poincar{\'e} inequality for Gaussian measures},
    author={Beckner, William},
    journal={Proceedings of the American Mathematical Society},
    pages={397--400},
    year={1989},
    publisher={JSTOR}
}

@book{brezis2011functional,
    title={Functional analysis, Sobolev spaces and partial differential equations},
    author={Haim Brezis},
    year={2011},
    publisher={Springer}
}

@PhdThesis{hairerphd,
    title = "{Comportement Asymptotique d'Equations \`a D\'eriv\'ees Partielles Stochastiques}",
    author = "Martin Hairer",
    school = "University of Geneva",
    year = "2001",
}

@article{hairer2009introduction,
    title="{An introduction to stochastic PDEs}",
    author={Hairer, Martin},
    journal={arXiv preprint},
    year={2009}
}

@book{friedl2002mastering,
    title={Mastering regular expressions},
    author={Friedl, Jeffrey EF},
    year={2002},
    publisher={" O'Reilly Media, Inc."}
}

@book{mcmahon1979sed,
    title={SED: a Non-interactive Text Editor},
    author={McMahon, Lee E},
    year={1979},
    publisher={Bell Telephone Laboratories}
}

@article{pardoux2001poisson,
    title={On the Poisson equation and diffusion approximation. I},
    author={Pardoux, E and Veretennikov, A Yu},
    journal={Annals of probability},
    pages={1061--1085},
    year={2001},
    publisher={Institute of Mathematical Statistics}
}

@article{pardoux2003poisson,
    title={On Poisson equation and diffusion approximation 2},
    author={Pardoux, E and Veretennikov, A Yu},
    journal={The Annals of Probability},
    volume={31},
    number={3},
    pages={1166--1192},
    year={2003},
    publisher={Institute of Mathematical Statistics}
}

@article{villani2006hypocoercivity,
    title={Hypocoercivity},
    author={Villani, C{\'e}dric},
    journal={arXiv preprint math/0609050},
    year={2006}
}


@masterthesis{francesc,
    title = "{MSc thesis: Convergence to equilibrium of diffusion processes}",
    author = "Francesc Pons Llopis",
    school = "Imperial College London",
    year = "2014",
}

@article{evans1998partial,
    title={Partial differential equations},
    author={Evans, Lawrence C},
    year={1998},
    publisher={Providence, Rhode Land: American Mathematical Society}
}

@book{lorenzi2006analytical,
    title={Analytical methods for Markov semigroups},
    author={Lorenzi, Luca and Bertoldi, Marcello},
    year={2006},
    publisher={CRC Press}
}

@article{metafune2002spectrum,
  title={Spectrum of Ornstein-Uhlenbeck operators in L p spaces with respect to invariant measures},
  author={Metafune, G and Pallara, D and Priola, E},
  journal={Journal of Functional Analysis},
  volume={196},
  number={1},
  pages={40--60},
  year={2002},
  publisher={Academic Press}
}

@book{kloeden1992numerical,
    title={Numerical solution of stochastic differential equations},
    author={Kloeden, Peter E and Platen, Eckhard},
    volume={23},
    year={1992},
    publisher={Springer Science \& Business Media}
}
